% Encoding: UTF-8

@InCollection{henon1976two,
  author    = {H{\'e}non, Michel},
  title     = {A two-dimensional mapping with a strange attractor},
  booktitle = {The Theory of Chaotic Attractors},
  publisher = {Springer},
  year      = {1976},
  pages     = {94--102},
}

@Book{strogatz:2000,
  title                = {Nonlinear Dynamics and Chaos: With Applications to Physics, Biology, Chemistry and Engineering},
  publisher            = {Westview Press},
  year                 = {2000},
  author               = {Strogatz, Steven H.},
  added-at             = {2010-05-11T11:15:46.000+0200},
  biburl               = {https://www.bibsonomy.org/bibtex/2e3b3dc5a68df87d71becbe75709a7121/flashbang},
  citeulike-article-id = {6778211},
  interhash            = {097881c5ab43732a75182222236e72c7},
  intrahash            = {e3b3dc5a68df87d71becbe75709a7121},
  keywords             = {chaos dynamical-systems nonlinear},
  posted-at            = {2010-03-08 21:41:28},
  timestamp            = {2010-05-11T11:16:46.000+0200},
}

@Book{ChaosBook,
  author       = {Cvitanovi{\'c}, Predrag and Artuso, Roberto and Mainieri, Ronnie and Tanner, Gregor and Vattay, G{\'a}bor and Whelan, Niall and Wirzba, Andreas},
  publisher    = {Niels Bohr Inst.},
  title        = {{C}haos: {C}lassical and {Q}uantum},
  year         = {2016},
  address      = {Copenhagen},
  note         = {[Online; accessed 29-January-2022]},
  howpublished = {\url{http://ChaosBook.org}},
  url          = {\url{http://ChaosBook.org/}},
}

@Article{miranda1993proto,
  author    = {Miranda, Rick and Stone, Emily},
  journal   = {Physics Letters A},
  title     = {The proto-{L}orenz system},
  year      = {1993},
  number    = {1-2},
  pages     = {105--113},
  volume    = {178},
  publisher = {Elsevier},
}

@Article{lorenz1963deterministic,
  author  = {Lorenz, Edward N},
  journal = {Journal of atmospheric sciences},
  title   = {Deterministic {n}onperiodic {f}low},
  year    = {1963},
  number  = {2},
  pages   = {130--141},
  volume  = {20},
}

@Book{hurewicz1958lectures,
  author    = {Hurewicz, Witold},
  publisher = {The MIT Press},
  title     = {Lectures on ordinary differential equations},
  year      = {1958},
  isbn      = {0-262-58001-2},
}

@Comment{jabref-meta: databaseType:bibtex;}
